@article{improving,
	title={Improving dual-tree algorithms},
	author={Curtin, Ryan Ross},
	year={2015},
	publisher={Georgia Institute of Technology}
}
@inproceedings{icp,
  title={Method for registration of 3-D shapes},
  author={Besl, Paul J and McKay, Neil D},
  booktitle={Robotics-DL tentative},
  pages={586--606},
  year={1992},
  organization={International Society for Optics and Photonics}
}
@inproceedings{comparison,
  title={Efficient variants of the ICP algorithm},
  author={Rusinkiewicz, Szymon and Levoy, Marc},
  booktitle={3-D Digital Imaging and Modeling, 2001. Proceedings. Third International Conference on},
  pages={145--152},
  year={2001},
  organization={IEEE}
}
@phdthesis{simon1996fast,
  title={Fast and accurate shape-based registration},
  author={Simon, David A},
  year={1996},
  school={Carnegie Mellon University Pittsburgh}
}
@article{firstdual,
  title={Tree-independent dual-tree algorithms},
  author={Curtin, Ryan R and March, William B and Ram, Parikshit and Anderson, David V and Gray, Alexander G and Isbell Jr, Charles L},
  journal={arXiv preprint arXiv:1304.4327},
  year={2013}
}
@book{rtree,
  title={R-trees: a dynamic index structure for spatial searching},
  author={Guttman, Antonin},
  volume={14},
  number={2},
  year={1984},
  publisher={ACM}
}
@book{balltree,
  title={Five balltree construction algorithms},
  author={Omohundro, Stephen M},
  year={1989},
  publisher={International Computer Science Institute Berkeley}
}
